<?xml version="1.0" encoding="UTF-8"?><collection xmlns="http://www.loc.gov/MARC21/slim"><record><leader>00502nam--2200193-i-4500</leader><controlfield tag="001">000005341</controlfield><controlfield tag="002">20161230</controlfield><controlfield tag="005">20170102214844</controlfield><controlfield tag="008">060222s1000------------r-----000-0-rum-d</controlfield><datafield ind1=" " ind2=" " tag="040"><subfield code="a">IFIN-HH</subfield></datafield><datafield ind1=" " ind2=" " tag="041"><subfield code="a">rum</subfield></datafield><datafield ind1=" " ind2=" " tag="080"><subfield code="a">621-52</subfield></datafield><datafield ind1="1" ind2=" " tag="100"><subfield code="a">Calin, Sergiu</subfield></datafield><datafield ind1="1" ind2="0" tag="245"><subfield code="a">Teoria reglarii automate. Sinteza sistemelor automate</subfield><subfield code="c">S. Calin</subfield></datafield><datafield ind1=" " ind2=" " tag="260"><subfield code="a">Bucuresti</subfield><subfield code="b">Asit</subfield><subfield code="c">1960</subfield></datafield><datafield ind1=" " ind2=" " tag="300"><subfield code="a">75 p</subfield></datafield><datafield ind1=" " ind2=" " tag="490"><subfield code="a">Cursul De Teoria Reglarii Automate</subfield></datafield><datafield ind1=" " ind2=" " tag="852"><subfield code="a">7425</subfield><subfield code="c">62-52</subfield></datafield><datafield ind1=" " ind2=" " tag="CAT"><subfield code="a">SYS</subfield><subfield code="c">20170102</subfield><subfield code="h">214844</subfield></datafield></record></collection>